%% This BibTeX bibliography file was created using BibDesk.
%% https://bibdesk.sourceforge.io/

%% Created for Xiangyu Liu at 2018-10-24 22:47:43 +0800 


%% Saved with string encoding Unicode (UTF-8) 



@inproceedings{secchi2013bilateral,
	Author = {Secchi, Cristian and Franchi, Antonio and B{\"u}lthoff, Heinrich H and Giordano, Paolo Robuffo},
	Booktitle = {Robotics and Automation (ICRA), 2013 IEEE International Conference on},
	Date-Added = {2018-10-24 16:33:32 +0800},
	Date-Modified = {2018-10-24 16:33:32 +0800},
	Organization = {IEEE},
	Pages = {3645--3652},
	Title = {Bilateral control of the degree of connectivity in multiple mobile-robot teleoperation},
	Year = {2013},
	Bdsk-File-1 = {YnBsaXN0MDDUAQIDBAUGJCVYJHZlcnNpb25YJG9iamVjdHNZJGFyY2hpdmVyVCR0b3ASAAGGoKgHCBMUFRYaIVUkbnVsbNMJCgsMDxJXTlMua2V5c1pOUy5vYmplY3RzViRjbGFzc6INDoACgAOiEBGABIAFgAdccmVsYXRpdmVQYXRoWWFsaWFzRGF0YV8QDy4uLzA2NjMxMDg5LnBkZtIXCxgZV05TLmRhdGFPEQHIAAAAAAHIAAIAAAxNYWNpbnRvc2ggSEQAAAAAAAAAAAAAAAAAAAAAAAAAQkQAAf////8MMDY2MzEwODkucGRmAAAAAAAAAAAAAAAAAAAAAAAAAAAAAAAAAAAAAAAAAAAAAAAAAAAAAAAAAAAAAAAAAAAA/////wAAAAAAAAAAAAAAAAABAAEAAAogY3UAAAAAAAAAAAAAAAAABENBMjEAAgBsLzpVc2Vyczp4aWFuZ3l1bGl1Ok9uZWRyaXZlOk9uZURyaXZlIC0gTmFueWFuZyBUZWNobm9sb2dpY2FsIFVuaXZlcnNpdHk6Q0FfV29ya3NwYWNlOlBDLUNBOkNBMjE6MDY2MzEwODkucGRmAA4AGgAMADAANgA2ADMAMQAwADgAOQAuAHAAZABmAA8AGgAMAE0AYQBjAGkAbgB0AG8AcwBoACAASABEABIAalVzZXJzL3hpYW5neXVsaXUvT25lZHJpdmUvT25lRHJpdmUgLSBOYW55YW5nIFRlY2hub2xvZ2ljYWwgVW5pdmVyc2l0eS9DQV9Xb3Jrc3BhY2UvUEMtQ0EvQ0EyMS8wNjYzMTA4OS5wZGYAEwABLwAAFQACABH//wAAgAbSGxwdHlokY2xhc3NuYW1lWCRjbGFzc2VzXU5TTXV0YWJsZURhdGGjHR8gVk5TRGF0YVhOU09iamVjdNIbHCIjXE5TRGljdGlvbmFyeaIiIF8QD05TS2V5ZWRBcmNoaXZlctEmJ1Ryb290gAEACAARABoAIwAtADIANwBAAEYATQBVAGAAZwBqAGwAbgBxAHMAdQB3AIQAjgCgAKUArQJ5AnsCgAKLApQCogKmAq0CtgK7AsgCywLdAuAC5QAAAAAAAAIBAAAAAAAAACgAAAAAAAAAAAAAAAAAAALn}}

@article{fukushima2013model,
	Author = {Fukushima, Hiroaki and Kon, Kazuyuki and Matsuno, Fumitoshi},
	Date-Added = {2018-10-23 23:39:49 +0800},
	Date-Modified = {2018-10-23 23:39:49 +0800},
	Journal = {IEEE Transactions on Robotics},
	Number = {5},
	Pages = {1308--1317},
	Publisher = {IEEE},
	Title = {Model predictive formation control using branch-and-bound compatible with collision avoidance problems},
	Volume = {29},
	Year = {2013}}

@article{tallamraju2018decentralized,
	Author = {Tallamraju, Rahul and Rajappa, Sujit and Black, Michael and Karlapalem, Kamalakar and Ahmad, Aamir},
	Date-Added = {2018-10-22 23:58:07 +0800},
	Date-Modified = {2018-10-22 23:58:07 +0800},
	Journal = {arXiv preprint arXiv:1805.09633},
	Title = {Decentralized MPC based Obstacle Avoidance for Multi-Robot Target Tracking Scenarios},
	Year = {2018},
	Bdsk-File-1 = {YnBsaXN0MDDUAQIDBAUGJCVYJHZlcnNpb25YJG9iamVjdHNZJGFyY2hpdmVyVCR0b3ASAAGGoKgHCBMUFRYaIVUkbnVsbNMJCgsMDxJXTlMua2V5c1pOUy5vYmplY3RzViRjbGFzc6INDoACgAOiEBGABIAFgAdccmVsYXRpdmVQYXRoWWFsaWFzRGF0YV8QES4uLzE4MDUuMDk2MzMucGRm0hcLGBlXTlMuZGF0YU8RAdAAAAAAAdAAAgAADE1hY2ludG9zaCBIRAAAAAAAAAAAAAAAAAAAAAAAAABCRAAB/////w4xODA1LjA5NjMzLnBkZgAAAAAAAAAAAAAAAAAAAAAAAAAAAAAAAAAAAAAAAAAAAAAAAAAAAAAAAAAAAAAAAAD/////AAAAAAAAAAAAAAAAAAEAAQAACiBjdQAAAAAAAAAAAAAAAAAEQ0EyMQACAG4vOlVzZXJzOnhpYW5neXVsaXU6T25lZHJpdmU6T25lRHJpdmUgLSBOYW55YW5nIFRlY2hub2xvZ2ljYWwgVW5pdmVyc2l0eTpDQV9Xb3Jrc3BhY2U6UEMtQ0E6Q0EyMToxODA1LjA5NjMzLnBkZgAOAB4ADgAxADgAMAA1AC4AMAA5ADYAMwAzAC4AcABkAGYADwAaAAwATQBhAGMAaQBuAHQAbwBzAGgAIABIAEQAEgBsVXNlcnMveGlhbmd5dWxpdS9PbmVkcml2ZS9PbmVEcml2ZSAtIE5hbnlhbmcgVGVjaG5vbG9naWNhbCBVbml2ZXJzaXR5L0NBX1dvcmtzcGFjZS9QQy1DQS9DQTIxLzE4MDUuMDk2MzMucGRmABMAAS8AABUAAgAR//8AAIAG0hscHR5aJGNsYXNzbmFtZVgkY2xhc3Nlc11OU011dGFibGVEYXRhox0fIFZOU0RhdGFYTlNPYmplY3TSGxwiI1xOU0RpY3Rpb25hcnmiIiBfEA9OU0tleWVkQXJjaGl2ZXLRJidUcm9vdIABAAgAEQAaACMALQAyADcAQABGAE0AVQBgAGcAagBsAG4AcQBzAHUAdwCEAI4AogCnAK8CgwKFAooClQKeAqwCsAK3AsACxQLSAtUC5wLqAu8AAAAAAAACAQAAAAAAAAAoAAAAAAAAAAAAAAAAAAAC8Q==}}

@inproceedings{brooks2009randomised,
	Author = {Brooks, Alex and Kaupp, Tobias and Makarenko, Alexei},
	Booktitle = {Robotics and Automation, 2009. ICRA'09. IEEE International Conference on},
	Date-Added = {2018-10-22 23:57:30 +0800},
	Date-Modified = {2018-10-22 23:57:30 +0800},
	Organization = {IEEE},
	Pages = {3962--3967},
	Title = {Randomised MPC-based motion-planning for mobile robot obstacle avoidance},
	Year = {2009},
	Bdsk-File-1 = {YnBsaXN0MDDUAQIDBAUGJCVYJHZlcnNpb25YJG9iamVjdHNZJGFyY2hpdmVyVCR0b3ASAAGGoKgHCBMUFRYaIVUkbnVsbNMJCgsMDxJXTlMua2V5c1pOUy5vYmplY3RzViRjbGFzc6INDoACgAOiEBGABIAFgAdccmVsYXRpdmVQYXRoWWFsaWFzRGF0YV8QDy4uLzA1MTUyMjQwLnBkZtIXCxgZV05TLmRhdGFPEQHIAAAAAAHIAAIAAAxNYWNpbnRvc2ggSEQAAAAAAAAAAAAAAAAAAAAAAAAAQkQAAf////8MMDUxNTIyNDAucGRmAAAAAAAAAAAAAAAAAAAAAAAAAAAAAAAAAAAAAAAAAAAAAAAAAAAAAAAAAAAAAAAAAAAA/////wAAAAAAAAAAAAAAAAABAAEAAAogY3UAAAAAAAAAAAAAAAAABENBMjEAAgBsLzpVc2Vyczp4aWFuZ3l1bGl1Ok9uZWRyaXZlOk9uZURyaXZlIC0gTmFueWFuZyBUZWNobm9sb2dpY2FsIFVuaXZlcnNpdHk6Q0FfV29ya3NwYWNlOlBDLUNBOkNBMjE6MDUxNTIyNDAucGRmAA4AGgAMADAANQAxADUAMgAyADQAMAAuAHAAZABmAA8AGgAMAE0AYQBjAGkAbgB0AG8AcwBoACAASABEABIAalVzZXJzL3hpYW5neXVsaXUvT25lZHJpdmUvT25lRHJpdmUgLSBOYW55YW5nIFRlY2hub2xvZ2ljYWwgVW5pdmVyc2l0eS9DQV9Xb3Jrc3BhY2UvUEMtQ0EvQ0EyMS8wNTE1MjI0MC5wZGYAEwABLwAAFQACABH//wAAgAbSGxwdHlokY2xhc3NuYW1lWCRjbGFzc2VzXU5TTXV0YWJsZURhdGGjHR8gVk5TRGF0YVhOU09iamVjdNIbHCIjXE5TRGljdGlvbmFyeaIiIF8QD05TS2V5ZWRBcmNoaXZlctEmJ1Ryb290gAEACAARABoAIwAtADIANwBAAEYATQBVAGAAZwBqAGwAbgBxAHMAdQB3AIQAjgCgAKUArQJ5AnsCgAKLApQCogKmAq0CtgK7AsgCywLdAuAC5QAAAAAAAAIBAAAAAAAAACgAAAAAAAAAAAAAAAAAAALn}}
