%% This BibTeX bibliography file was created using BibDesk.
%% https://bibdesk.sourceforge.io/

%% Created for Xiangyu Liu at 2018-10-25 13:19:48 +0800 


%% Saved with string encoding Unicode (UTF-8) 



@inproceedings{ren2015detecting,
	Author = {Ren, Ye and Qiu, Xueheng and Suganthan, Ponnuthurai N and Amaratunga, Gehan},
	Booktitle = {Computational Intelligence, 2015 IEEE Symposium Series on},
	Date-Added = {2018-10-25 13:19:03 +0800},
	Date-Modified = {2018-10-25 13:19:03 +0800},
	Organization = {IEEE},
	Pages = {687--694},
	Title = {Detecting wind power ramp with random vector functional link (rvfl) network},
	Year = {2015},
	Bdsk-File-1 = {YnBsaXN0MDDUAQIDBAUGJCVYJHZlcnNpb25YJG9iamVjdHNZJGFyY2hpdmVyVCR0b3ASAAGGoKgHCBMUFRYaIVUkbnVsbNMJCgsMDxJXTlMua2V5c1pOUy5vYmplY3RzViRjbGFzc6INDoACgAOiEBGABIAFgAdccmVsYXRpdmVQYXRoWWFsaWFzRGF0YV8QLy4uL1JlZmVyZW5jZXMvMS1zMi4wLVMwMzYwNTQ0MjE4MzA5ODAwLW1haW4ucGRm0hcLGBlXTlMuZGF0YU8RAjwAAAAAAjwAAgAADE1hY2ludG9zaCBIRAAAAAAAAAAAAAAAAAAAAAAAAABCRAAB/////x8xLXMyLjAtUzAzNjA1NDQyMTgjRkZGRkZGRkYucGRmAAAAAAAAAAAAAAAAAAAAAAAAAAAAAAAAAAAAAAAAAAD/////AAAAAAAAAAAAAAAAAAEAAgAACiBjdQAAAAAAAAAAAAAAAAAKUmVmZXJlbmNlcwACAI0vOlVzZXJzOnhpYW5neXVsaXU6T25lZHJpdmU6T25lRHJpdmUgLSBOYW55YW5nIFRlY2hub2xvZ2ljYWwgVW5pdmVyc2l0eTpDQV9Xb3Jrc3BhY2U6TVYtQ0E6UFItQ0E6UmVmZXJlbmNlczoxLXMyLjAtUzAzNjA1NDQyMTgzMDk4MDAtbWFpbi5wZGYAAA4ARAAhADEALQBzADIALgAwAC0AUwAwADMANgAwADUANAA0ADIAMQA4ADMAMAA5ADgAMAAwAC0AbQBhAGkAbgAuAHAAZABmAA8AGgAMAE0AYQBjAGkAbgB0AG8AcwBoACAASABEABIAi1VzZXJzL3hpYW5neXVsaXUvT25lZHJpdmUvT25lRHJpdmUgLSBOYW55YW5nIFRlY2hub2xvZ2ljYWwgVW5pdmVyc2l0eS9DQV9Xb3Jrc3BhY2UvTVYtQ0EvUFItQ0EvUmVmZXJlbmNlcy8xLXMyLjAtUzAzNjA1NDQyMTgzMDk4MDAtbWFpbi5wZGYAABMAAS8AABUAAgAR//8AAIAG0hscHR5aJGNsYXNzbmFtZVgkY2xhc3Nlc11OU011dGFibGVEYXRhox0fIFZOU0RhdGFYTlNPYmplY3TSGxwiI1xOU0RpY3Rpb25hcnmiIiBfEA9OU0tleWVkQXJjaGl2ZXLRJidUcm9vdIABAAgAEQAaACMALQAyADcAQABGAE0AVQBgAGcAagBsAG4AcQBzAHUAdwCEAI4AwADFAM0DDQMPAxQDHwMoAzYDOgNBA0oDTwNcA18DcQN0A3kAAAAAAAACAQAAAAAAAAAoAAAAAAAAAAAAAAAAAAADew==}}

@article{qiu2018ensemble,
	Author = {Qiu, Xueheng and Suganthan, Ponnuthurai Nagaratnam and Amaratunga, Gehan AJ},
	Date-Added = {2018-10-25 13:17:33 +0800},
	Date-Modified = {2018-10-25 13:17:33 +0800},
	Journal = {Knowledge-Based Systems},
	Pages = {182--196},
	Publisher = {Elsevier},
	Title = {Ensemble incremental learning Random Vector Functional Link network for short-term electric load forecasting},
	Volume = {145},
	Year = {2018},
	Bdsk-File-1 = {YnBsaXN0MDDUAQIDBAUGJCVYJHZlcnNpb25YJG9iamVjdHNZJGFyY2hpdmVyVCR0b3ASAAGGoKgHCBMUFRYaIVUkbnVsbNMJCgsMDxJXTlMua2V5c1pOUy5vYmplY3RzViRjbGFzc6INDoACgAOiEBGABIAFgAdccmVsYXRpdmVQYXRoWWFsaWFzRGF0YV8QXi4uL1JlZmVyZW5jZXMvRW5zZW1ibGUtaW5jcmVtZW50YWwtbGVhcm5pbmctUmFuZG9tLVZlY3Rvci1GdW5jdGlvbmFsLUxpbl8yMDE4X0tub3dsZWRnZS1CYS5wZGbSFwsYGVdOUy5kYXRhTxEC9gAAAAAC9gACAAAMTWFjaW50b3NoIEhEAAAAAAAAAAAAAAAAAAAAAAAAAEJEAAH/////H0Vuc2VtYmxlLWluY3JlbWVudCNGRkZGRkZGRi5wZGYAAAAAAAAAAAAAAAAAAAAAAAAAAAAAAAAAAAAAAAAAAP////8AAAAAAAAAAAAAAAAAAQACAAAKIGN1AAAAAAAAAAAAAAAAAApSZWZlcmVuY2VzAAIAvC86VXNlcnM6eGlhbmd5dWxpdTpPbmVkcml2ZTpPbmVEcml2ZSAtIE5hbnlhbmcgVGVjaG5vbG9naWNhbCBVbml2ZXJzaXR5OkNBX1dvcmtzcGFjZTpNVi1DQTpQUi1DQTpSZWZlcmVuY2VzOkVuc2VtYmxlLWluY3JlbWVudGFsLWxlYXJuaW5nLVJhbmRvbS1WZWN0b3ItRnVuY3Rpb25hbC1MaW5fMjAxOF9Lbm93bGVkZ2UtQmEucGRmAA4AogBQAEUAbgBzAGUAbQBiAGwAZQAtAGkAbgBjAHIAZQBtAGUAbgB0AGEAbAAtAGwAZQBhAHIAbgBpAG4AZwAtAFIAYQBuAGQAbwBtAC0AVgBlAGMAdABvAHIALQBGAHUAbgBjAHQAaQBvAG4AYQBsAC0ATABpAG4AXwAyADAAMQA4AF8ASwBuAG8AdwBsAGUAZABnAGUALQBCAGEALgBwAGQAZgAPABoADABNAGEAYwBpAG4AdABvAHMAaAAgAEgARAASALpVc2Vycy94aWFuZ3l1bGl1L09uZWRyaXZlL09uZURyaXZlIC0gTmFueWFuZyBUZWNobm9sb2dpY2FsIFVuaXZlcnNpdHkvQ0FfV29ya3NwYWNlL01WLUNBL1BSLUNBL1JlZmVyZW5jZXMvRW5zZW1ibGUtaW5jcmVtZW50YWwtbGVhcm5pbmctUmFuZG9tLVZlY3Rvci1GdW5jdGlvbmFsLUxpbl8yMDE4X0tub3dsZWRnZS1CYS5wZGYAEwABLwAAFQACABH//wAAgAbSGxwdHlokY2xhc3NuYW1lWCRjbGFzc2VzXU5TTXV0YWJsZURhdGGjHR8gVk5TRGF0YVhOU09iamVjdNIbHCIjXE5TRGljdGlvbmFyeaIiIF8QD05TS2V5ZWRBcmNoaXZlctEmJ1Ryb290gAEACAARABoAIwAtADIANwBAAEYATQBVAGAAZwBqAGwAbgBxAHMAdQB3AIQAjgDvAPQA/AP2A/gD/QQIBBEEHwQjBCoEMwQ4BEUESARaBF0EYgAAAAAAAAIBAAAAAAAAACgAAAAAAAAAAAAAAAAAAARk}}

@article{katuwal2018ensemble,
	Author = {Katuwal, Rakesh and Suganthan, PN and Zhang, Le},
	Date-Added = {2018-10-25 13:16:48 +0800},
	Date-Modified = {2018-10-25 13:16:48 +0800},
	Journal = {Applied Soft Computing},
	Pages = {1146--1153},
	Publisher = {Elsevier},
	Title = {An ensemble of decision trees with random vector functional link networks for multi-class classification},
	Volume = {70},
	Year = {2018},
	Bdsk-File-1 = {YnBsaXN0MDDUAQIDBAUGJCVYJHZlcnNpb25YJG9iamVjdHNZJGFyY2hpdmVyVCR0b3ASAAGGoKgHCBMUFRYaIVUkbnVsbNMJCgsMDxJXTlMua2V5c1pOUy5vYmplY3RzViRjbGFzc6INDoACgAOiEBGABIAFgAdccmVsYXRpdmVQYXRoWWFsaWFzRGF0YV8QXi4uL1JlZmVyZW5jZXMvQW4tZW5zZW1ibGUtb2YtZGVjaXNpb24tdHJlZXMtd2l0aC1yYW5kb20tdmVjdG9yLWZ1bmN0aW9uYV8yMDE4X0FwcGxpZWQtU29mdC5wZGbSFwsYGVdOUy5kYXRhTxEC9gAAAAAC9gACAAAMTWFjaW50b3NoIEhEAAAAAAAAAAAAAAAAAAAAAAAAAEJEAAH/////H0FuLWVuc2VtYmxlLW9mLWRlYyNGRkZGRkZGRi5wZGYAAAAAAAAAAAAAAAAAAAAAAAAAAAAAAAAAAAAAAAAAAP////8AAAAAAAAAAAAAAAAAAQACAAAKIGN1AAAAAAAAAAAAAAAAAApSZWZlcmVuY2VzAAIAvC86VXNlcnM6eGlhbmd5dWxpdTpPbmVkcml2ZTpPbmVEcml2ZSAtIE5hbnlhbmcgVGVjaG5vbG9naWNhbCBVbml2ZXJzaXR5OkNBX1dvcmtzcGFjZTpNVi1DQTpQUi1DQTpSZWZlcmVuY2VzOkFuLWVuc2VtYmxlLW9mLWRlY2lzaW9uLXRyZWVzLXdpdGgtcmFuZG9tLXZlY3Rvci1mdW5jdGlvbmFfMjAxOF9BcHBsaWVkLVNvZnQucGRmAA4AogBQAEEAbgAtAGUAbgBzAGUAbQBiAGwAZQAtAG8AZgAtAGQAZQBjAGkAcwBpAG8AbgAtAHQAcgBlAGUAcwAtAHcAaQB0AGgALQByAGEAbgBkAG8AbQAtAHYAZQBjAHQAbwByAC0AZgB1AG4AYwB0AGkAbwBuAGEAXwAyADAAMQA4AF8AQQBwAHAAbABpAGUAZAAtAFMAbwBmAHQALgBwAGQAZgAPABoADABNAGEAYwBpAG4AdABvAHMAaAAgAEgARAASALpVc2Vycy94aWFuZ3l1bGl1L09uZWRyaXZlL09uZURyaXZlIC0gTmFueWFuZyBUZWNobm9sb2dpY2FsIFVuaXZlcnNpdHkvQ0FfV29ya3NwYWNlL01WLUNBL1BSLUNBL1JlZmVyZW5jZXMvQW4tZW5zZW1ibGUtb2YtZGVjaXNpb24tdHJlZXMtd2l0aC1yYW5kb20tdmVjdG9yLWZ1bmN0aW9uYV8yMDE4X0FwcGxpZWQtU29mdC5wZGYAEwABLwAAFQACABH//wAAgAbSGxwdHlokY2xhc3NuYW1lWCRjbGFzc2VzXU5TTXV0YWJsZURhdGGjHR8gVk5TRGF0YVhOU09iamVjdNIbHCIjXE5TRGljdGlvbmFyeaIiIF8QD05TS2V5ZWRBcmNoaXZlctEmJ1Ryb290gAEACAARABoAIwAtADIANwBAAEYATQBVAGAAZwBqAGwAbgBxAHMAdQB3AIQAjgDvAPQA/AP2A/gD/QQIBBEEHwQjBCoEMwQ4BEUESARaBF0EYgAAAAAAAAIBAAAAAAAAACgAAAAAAAAAAAAAAAAAAARk}}

@article{ren2016random,
	Author = {Ren, Ye and Suganthan, Ponnuthurai N and Srikanth, Narasimalu and Amaratunga, Gehan},
	Date-Added = {2018-10-25 13:16:22 +0800},
	Date-Modified = {2018-10-25 13:16:22 +0800},
	Journal = {Information Sciences},
	Pages = {1078--1093},
	Publisher = {Elsevier},
	Title = {Random vector functional link network for short-term electricity load demand forecasting},
	Volume = {367},
	Year = {2016},
	Bdsk-File-1 = {YnBsaXN0MDDUAQIDBAUGJCVYJHZlcnNpb25YJG9iamVjdHNZJGFyY2hpdmVyVCR0b3ASAAGGoKgHCBMUFRYaIVUkbnVsbNMJCgsMDxJXTlMua2V5c1pOUy5vYmplY3RzViRjbGFzc6INDoACgAOiEBGABIAFgAdccmVsYXRpdmVQYXRoWWFsaWFzRGF0YV8QXi4uL1JlZmVyZW5jZXMvUmFuZG9tLXZlY3Rvci1mdW5jdGlvbmFsLWxpbmstbmV0d29yay1mb3Itc2hvcnQtdGVybS1lbGVjdF8yMDE2X0luZm9ybWF0aW9uLS5wZGbSFwsYGVdOUy5kYXRhTxEC9gAAAAAC9gACAAAMTWFjaW50b3NoIEhEAAAAAAAAAAAAAAAAAAAAAAAAAEJEAAH/////H1JhbmRvbS12ZWN0b3ItZnVuYyNGRkZGRkZGRi5wZGYAAAAAAAAAAAAAAAAAAAAAAAAAAAAAAAAAAAAAAAAAAP////8AAAAAAAAAAAAAAAAAAQACAAAKIGN1AAAAAAAAAAAAAAAAAApSZWZlcmVuY2VzAAIAvC86VXNlcnM6eGlhbmd5dWxpdTpPbmVkcml2ZTpPbmVEcml2ZSAtIE5hbnlhbmcgVGVjaG5vbG9naWNhbCBVbml2ZXJzaXR5OkNBX1dvcmtzcGFjZTpNVi1DQTpQUi1DQTpSZWZlcmVuY2VzOlJhbmRvbS12ZWN0b3ItZnVuY3Rpb25hbC1saW5rLW5ldHdvcmstZm9yLXNob3J0LXRlcm0tZWxlY3RfMjAxNl9JbmZvcm1hdGlvbi0ucGRmAA4AogBQAFIAYQBuAGQAbwBtAC0AdgBlAGMAdABvAHIALQBmAHUAbgBjAHQAaQBvAG4AYQBsAC0AbABpAG4AawAtAG4AZQB0AHcAbwByAGsALQBmAG8AcgAtAHMAaABvAHIAdAAtAHQAZQByAG0ALQBlAGwAZQBjAHQAXwAyADAAMQA2AF8ASQBuAGYAbwByAG0AYQB0AGkAbwBuAC0ALgBwAGQAZgAPABoADABNAGEAYwBpAG4AdABvAHMAaAAgAEgARAASALpVc2Vycy94aWFuZ3l1bGl1L09uZWRyaXZlL09uZURyaXZlIC0gTmFueWFuZyBUZWNobm9sb2dpY2FsIFVuaXZlcnNpdHkvQ0FfV29ya3NwYWNlL01WLUNBL1BSLUNBL1JlZmVyZW5jZXMvUmFuZG9tLXZlY3Rvci1mdW5jdGlvbmFsLWxpbmstbmV0d29yay1mb3Itc2hvcnQtdGVybS1lbGVjdF8yMDE2X0luZm9ybWF0aW9uLS5wZGYAEwABLwAAFQACABH//wAAgAbSGxwdHlokY2xhc3NuYW1lWCRjbGFzc2VzXU5TTXV0YWJsZURhdGGjHR8gVk5TRGF0YVhOU09iamVjdNIbHCIjXE5TRGljdGlvbmFyeaIiIF8QD05TS2V5ZWRBcmNoaXZlctEmJ1Ryb290gAEACAARABoAIwAtADIANwBAAEYATQBVAGAAZwBqAGwAbgBxAHMAdQB3AIQAjgDvAPQA/AP2A/gD/QQIBBEEHwQjBCoEMwQ4BEUESARaBF0EYgAAAAAAAAIBAAAAAAAAACgAAAAAAAAAAAAAAAAAAARk}}

@article{zhang2016comprehensive,
	Author = {Zhang, Le and Suganthan, Ponnuthurai N},
	Date-Added = {2018-10-25 13:15:55 +0800},
	Date-Modified = {2018-10-25 13:15:55 +0800},
	Journal = {Information Sciences},
	Pages = {1094--1105},
	Publisher = {Elsevier},
	Title = {A comprehensive evaluation of random vector functional link networks},
	Volume = {367},
	Year = {2016},
	Bdsk-File-1 = {YnBsaXN0MDDUAQIDBAUGJCVYJHZlcnNpb25YJG9iamVjdHNZJGFyY2hpdmVyVCR0b3ASAAGGoKgHCBMUFRYaIVUkbnVsbNMJCgsMDxJXTlMua2V5c1pOUy5vYmplY3RzViRjbGFzc6INDoACgAOiEBGABIAFgAdccmVsYXRpdmVQYXRoWWFsaWFzRGF0YV8QXi4uL1JlZmVyZW5jZXMvQS1jb21wcmVoZW5zaXZlLWV2YWx1YXRpb24tb2YtcmFuZG9tLXZlY3Rvci1mdW5jdGlvbmFsLV8yMDE2X0luZm9ybWF0aW9uLVNjaS5wZGbSFwsYGVdOUy5kYXRhTxEC9gAAAAAC9gACAAAMTWFjaW50b3NoIEhEAAAAAAAAAAAAAAAAAAAAAAAAAEJEAAH/////H0EtY29tcHJlaGVuc2l2ZS1ldiNGRkZGRkZGRi5wZGYAAAAAAAAAAAAAAAAAAAAAAAAAAAAAAAAAAAAAAAAAAP////8AAAAAAAAAAAAAAAAAAQACAAAKIGN1AAAAAAAAAAAAAAAAAApSZWZlcmVuY2VzAAIAvC86VXNlcnM6eGlhbmd5dWxpdTpPbmVkcml2ZTpPbmVEcml2ZSAtIE5hbnlhbmcgVGVjaG5vbG9naWNhbCBVbml2ZXJzaXR5OkNBX1dvcmtzcGFjZTpNVi1DQTpQUi1DQTpSZWZlcmVuY2VzOkEtY29tcHJlaGVuc2l2ZS1ldmFsdWF0aW9uLW9mLXJhbmRvbS12ZWN0b3ItZnVuY3Rpb25hbC1fMjAxNl9JbmZvcm1hdGlvbi1TY2kucGRmAA4AogBQAEEALQBjAG8AbQBwAHIAZQBoAGUAbgBzAGkAdgBlAC0AZQB2AGEAbAB1AGEAdABpAG8AbgAtAG8AZgAtAHIAYQBuAGQAbwBtAC0AdgBlAGMAdABvAHIALQBmAHUAbgBjAHQAaQBvAG4AYQBsAC0AXwAyADAAMQA2AF8ASQBuAGYAbwByAG0AYQB0AGkAbwBuAC0AUwBjAGkALgBwAGQAZgAPABoADABNAGEAYwBpAG4AdABvAHMAaAAgAEgARAASALpVc2Vycy94aWFuZ3l1bGl1L09uZWRyaXZlL09uZURyaXZlIC0gTmFueWFuZyBUZWNobm9sb2dpY2FsIFVuaXZlcnNpdHkvQ0FfV29ya3NwYWNlL01WLUNBL1BSLUNBL1JlZmVyZW5jZXMvQS1jb21wcmVoZW5zaXZlLWV2YWx1YXRpb24tb2YtcmFuZG9tLXZlY3Rvci1mdW5jdGlvbmFsLV8yMDE2X0luZm9ybWF0aW9uLVNjaS5wZGYAEwABLwAAFQACABH//wAAgAbSGxwdHlokY2xhc3NuYW1lWCRjbGFzc2VzXU5TTXV0YWJsZURhdGGjHR8gVk5TRGF0YVhOU09iamVjdNIbHCIjXE5TRGljdGlvbmFyeaIiIF8QD05TS2V5ZWRBcmNoaXZlctEmJ1Ryb290gAEACAARABoAIwAtADIANwBAAEYATQBVAGAAZwBqAGwAbgBxAHMAdQB3AIQAjgDvAPQA/AP2A/gD/QQIBBEEHwQjBCoEMwQ4BEUESARaBF0EYgAAAAAAAAIBAAAAAAAAACgAAAAAAAAAAAAAAAAAAARk}}
